@book{lamport1994latex,
  title     = {LaTeX: A Document Preparation System},
  author    = {Lamport, Leslie},
  year      = {1994},
  publisher = {Addison-Wesley Professional}
}

@article{knuth1984texbook,
  title     = {The TeXbook},
  author    = {Knuth, Donald Ervin},
  journal   = {Computers \& Typesetting},
  volume    = {A},
  year      = {1984},
  publisher = {Addison-Wesley}
}

@online{texusersgroup,
  title   = {TeX Users Group},
  url     = {https://tug.org/},
  urldate = {2023-06-01}
}
