@book{lamport1994latex,
  title     = {LaTeX: A Document Preparation System},
  author    = {Lamport, Leslie},
  year      = {1994},
  publisher = {Addison-Wesley Professional}
}

@article{knuth1984texbook,
  title     = {The TeXbook},
  author    = {Knuth, Donald Ervin},
  journal   = {Computers \& Typesetting},
  volume    = {A},
  year      = {1984},
  publisher = {Addison-Wesley}
}

@book{mittelbach2004latex,
  title     = {The LaTeX Companion},
  author    = {Mittelbach, Frank and Goossens, Michel},
  year      = {2004},
  publisher = {Addison-Wesley Professional}
}

@book{xie2013dynamic,
  title     = {动态文档：knitr实用指南},
  author    = {谢益辉},
  year      = {2013},
  publisher = {电子工业出版社}
}

@online{ctex2020manual,
  title   = {CTeX 宏集手册},
  author  = {CTeX 开发组},
  url     = {https://mirrors.rit.edu/CTAN/language/chinese/ctex/ctex.pdf},
  year    = {2020},
  urldate = {2024-02-17}
}
